<record><leader>00000cas a2200000 a 4500</leader><controlfield tag="001">30329237</controlfield><controlfield tag="007">hd afb---baca</controlfield><controlfield tag="008">940426u1887uuuupauwr n a     0    0eng  </controlfield><controlfield tag="009">466</controlfield><datafield ind1=" " ind2=" " tag="010"><subfield code="a">sf 94091250 </subfield></datafield><datafield ind1=" " ind2=" " tag="040"><subfield code="a">DLC</subfield><subfield code="b">eng</subfield><subfield code="c">DLC</subfield><subfield code="d">HLS</subfield><subfield code="d">OCLCQ</subfield><subfield code="d">OCLCO</subfield><subfield code="d">OCLCF</subfield></datafield><datafield ind1=" " ind2=" " tag="012"><subfield code="i">9404</subfield></datafield><datafield ind1=" " ind2=" " tag="022"><subfield code="a">0021-6437</subfield><subfield code="l">0021-6437</subfield></datafield><datafield ind1="1" ind2=" " tag="029"><subfield code="a">AU@</subfield><subfield code="b">000010977796</subfield></datafield><datafield ind1=" " ind2=" " tag="042"><subfield code="a">pcc</subfield></datafield><datafield ind1=" " ind2=" " tag="043"><subfield code="a">n-us-pa</subfield></datafield><datafield ind1="0" ind2="0" tag="050"><subfield code="a">Microfilm (o) 94/4503</subfield></datafield><datafield ind1="1" ind2="4" tag="050"><subfield code="a">AP92</subfield><subfield code="b">.J495</subfield></datafield><datafield ind1="0" ind2=" " tag="210"><subfield code="a">Jew. expon.</subfield></datafield><datafield ind1=" " ind2="0" tag="222"><subfield code="a">Jewish exponent</subfield></datafield><datafield ind1="0" ind2="4" tag="245"><subfield code="a">The Jewish exponent</subfield><subfield code="h">[microform].</subfield></datafield><datafield ind1=" " ind2=" " tag="260"><subfield code="a">Philadelphia, Pa. :</subfield><subfield code="b">Jewish Exponent Pub. Co.</subfield></datafield><datafield ind1=" " ind2=" " tag="300"><subfield code="a">v.</subfield></datafield><datafield ind1=" " ind2=" " tag="310"><subfield code="a">Weekly</subfield></datafield><datafield ind1="0" ind2=" " tag="362"><subfield code="a">Vol. 1, no. 1 (Apr. 15, 1887)-</subfield></datafield><datafield ind1=" " ind2=" " tag="500"><subfield code="a">First issue preceded by "Prospectus."</subfield></datafield><datafield ind1=" " ind2=" " tag="500"><subfield code="a">Publisher: Federation of Jewish Agencies of Greater Philadelphia, 1956-</subfield></datafield><datafield ind1=" " ind2=" " tag="515"><subfield code="a">Vol. 126, no. 33-37 omitted in numbering.</subfield></datafield><datafield ind1=" " ind2=" " tag="550"><subfield code="a">Mar. 8, 1946-Oct. 12, 1956 sponsored by the Federation of Jewish Charities, and: Allied Jewish Appeal of Philadelphia; Oct. 19, 1956- by the Federation of Jewish Agencies of Greater Philadelphia.</subfield></datafield><datafield ind1=" " ind2=" " tag="533"><subfield code="a">Microfilm.</subfield><subfield code="b">Cincinnati, Ohio :</subfield><subfield code="c">American Jewish Periodical Center.</subfield><subfield code="e">microfilm reels ; 35 mm.</subfield></datafield><datafield ind1=" " ind2="0" tag="650"><subfield code="a">Jewish newspapers</subfield><subfield code="z">Pennsylvania.</subfield></datafield><datafield ind1=" " ind2="7" tag="650"><subfield code="a">Jewish newspapers.</subfield><subfield code="2">fast</subfield><subfield code="0">(OCoLC)fst00982872</subfield></datafield><datafield ind1=" " ind2="7" tag="651"><subfield code="a">Pennsylvania.</subfield><subfield code="2">fast</subfield><subfield code="0">(OCoLC)fst01204598</subfield></datafield><datafield ind1="2" ind2=" " tag="710"><subfield code="a">Federation of Jewish Charities.</subfield></datafield><datafield ind1="2" ind2=" " tag="710"><subfield code="a">Allied Jewish Appeal of Philadelphia.</subfield></datafield><datafield ind1="2" ind2=" " tag="710"><subfield code="a">Federation of Jewish Agencies of Greater Philadelphia.</subfield></datafield><datafield ind1=" " ind2=" " tag="752"><subfield code="a">United States</subfield><subfield code="b">Pennsylvania</subfield><subfield code="c">Philadelphia</subfield><subfield code="d">Philadelphia.</subfield></datafield><datafield ind1="1" ind2=" " tag="776"><subfield code="c">Original</subfield><subfield code="w">(DLC)sn 78004057</subfield><subfield code="w">(OCoLC)4073245</subfield></datafield><datafield ind1=" " ind2=" " tag="850"><subfield code="a">DLC</subfield></datafield><datafield ind1=" " ind2=" " tag="936"><subfield code="a">Converted from ELvl 4 (OCLC)</subfield></datafield></record>